@ARTICLE{Shnayer,
	author = {Брюс Шнайер},
	title = {Прикладная криптография. Протоколы, алгоритмы, исходные тексты на языке Си},
	year = {2002},
	language = {russian},
	publisher = {Триумф},
	location = {М.},
	hyphenation = {russian},
}

@MVBOOK{Drs,
    author = {Douglas R. Stinson},
    title = {Cryptography: Theory and Practice, Third Edition},
    year = {2006}, 
    language = {english},
    publisher = {Taylor and Francis Group},
}
